% http://exoplanets.astro.yale.edu/workshop/EPRV/Bibliography_files/Radial_Velocity.pdf
@article{radial_velocity_techniques,
  title={Radial velocity techniques for exoplanets},
  author={Lovis, Christophe and Fischer, Debra and others},
  journal={Exoplanets},
  pages={27--53},
  year={2010},
  publisher={University of Arizona Press Tucson, AZ, USA},
  url={https://books.google.dk/books?id=VlSVmxgPgGYC&lpg=PA27&ots=-sl4WX3Sso&dq=Radial%20Velocity%20debra%20fischer&lr&hl=da&pg=PA29#v=onepage&q=Radial%20Velocity%20debra%20fischer&f=false},
}    

@article{first_RV_from_EXPRES,
  title={An extreme-precision radial-velocity pipeline: First radial velocities from expres},
  author={Petersburg, Ryan R and Ong, JM Joel and Zhao, Lily L and Blackman, Ryan T and Brewer, John M and Buchhave, Lars A and Cabot, Samuel HC and Davis, Allen B and Jurgenson, Colby A and Leet, Christopher and others},
  journal={The Astronomical Journal},
  volume={159},
  number={5},
  pages={187},
  year={2020},
  publisher={IOP Publishing}
}
    

@misc{CCD_general_info,
    author     = {n. a.},
    title    = {What is a CCD Detector?},
    year      = {n.d.},
    publisher = {Horiba scientific},
    url={https://www.horiba.com/int/scientific/technologies/detectors/what-is-a-ccd-detector/}
}
    
@article{barycentric_exposure_meter_blackman,
  title={The Measured Impact of Chromatic Atmospheric Effects on Barycentric Corrections: Results from the EXtreme PREcision Spectrograph},
  author={Blackman, Ryan T and Ong, JM Joel and Fischer, Debra A},
  journal={The Astronomical Journal},
  volume={158},
  number={1},
  pages={40},
  year={2019},
  publisher={IOP Publishing}
}
    

@inproceedings{EXPRES_technical_details_Jurgenson,
  title={EXPRES: a next generation RV spectrograph in the search for earth-like worlds},
  author={Jurgenson, C and Fischer, D and McCracken, T and Sawyer, D and Szymkowiak, A and Davis, Allen and Muller, G and Santoro, F},
  booktitle={Ground-based and Airborne Instrumentation for Astronomy VI},
  volume={9908},
  pages={99086T},
  year={2016},
  organization={International Society for Optics and Photonics}
}

    